@article{BoxMuller1958,
  title={A note on the generation of random normal deviates},
  author={Box, George EP and Muller, Mervin E},
  journal={The annals of mathematical statistics},
  volume={29},
  number={2},
  pages={610--611},
  year={1958},
  publisher={Institute of Mathematical Statistics},
  url={https://projecteuclid.org/euclid.aoms/1177706645}
}
@book{RobertCasella1999,
  title={Monte Carlo Statistical Methods},
  author={Robert, Christian P and Casella, George},
  edition={2},
  year={2004},
  series = {Springer Texts in Statistics},
  publisher={Springer}
}
@book{RobertCasella2010,
  title={Introducing Monte Carlo Methods with R},
  author={Robert, Christian P and Casella, George},
  edition={1},
  year={2010},
  series = {Use R!},
  publisher={Springer}
}
@book{DeBoor_1978,
  title={A Practical Guide to Splines},
  author={De Boor, Carl and De Boor, Carl},
  volume={27},
  year={1978},
  publisher={springer}
}
@book{Eubank_1999,
  title={Nonparametric Regression and Spline Smoothing},
  author={Eubank, Randall L},
  year={1999},
  publisher={CRC press}
}
@Manual{palmerpenguins,
    title = {palmerpenguins: Palmer Archipelago (Antarctica) Penguin Data},
    author = {Allison Marie Horst and Alison Presmanes Hill and Kristen B Gorman},
    year = {2020},
    note = {R Package Version 0.1.0},
    url = {https://allisonhorst.github.io/palmerpenguins/},
}
@article{Dempster_1977,
  title={Maximum likelihood from incomplete data via the EM algorithm},
  author={Dempster, Arthur P and Laird, Nan M and Rubin, Donald B},
  journal={Journal of the Royal Statistical Society: Series B},
  volume={39},
  number={1},
  pages={1--22},
  year={1977}
}
@book{Ripley_2009,
  title={Stochastic simulation},
  author={Ripley, Brian D},
  year={2009},
  url={http://onlinelibrary.wiley.com/book/10.1002/9780470316726},
  publisher={John Wiley \& Sons}
}
@article{Clopper_Pearson_1934,
  title={The use of confidence or fiducial limits illustrated in the case of the binomial},
  author={Clopper, Charles J and Pearson, Egon S},
  journal={Biometrika},
  volume={26},
  number={4},
  pages={404--413},
  year={1934}
}
@article{Bourreau2021market,
  title={Market entry, fighting brands, and tacit collusion: Evidence from the French mobile telecommunications market},
  author={Bourreau, Marc and Sun, Yutec and Verboven, Frank},
  journal={American Economic Review},
  volume={111},
  number={11},
  pages={3459--3499},
  year={2021}
}
@article{sheather1991reliable,
  title={A reliable data-based bandwidth selection method for kernel density estimation},
  author={Sheather, Simon J and Jones, Michael C},
  journal={Journal of the Royal Statistical Society: Series B (Methodological)},
  volume={53},
  number={3},
  pages={683--690},
  year={1991},
  publisher={Wiley Online Library}
}
@article{parzen1962estimation,
  title={On estimation of a probability density function and mode},
  author={Parzen, Emanuel},
  journal={The Annals of Mathematical Statistics},
  volume={33},
  number={3},
  pages={1065--1076},
  year={1962}
}
@article{Rosenblatt_1956,
  title={Remarks on Some Nonparametric Estimates of a Density Function},
  author={Rosenblatt, Murray},
  year={1956},
  pages={832---837},
  journal={The Annals of Mathematical Statistics},
  volume={27},
  number={3}
}

@book{Kenneth_Judd_Book_1998,
  title={Numerical Methods in Economics},
  author={Judd, Kenneth L},
  year={1998},
  publisher={MIT press}
}
@book{Hall_1992,
  title={The Bootstrap and Edgeworth Expansion},
  author={Hall, Peter},
  year={1992},
  publisher={Springer Science}
}
@book{Shao_Tu_1996,
  title={The Jackknife and Bootstrap},
  author={Shao, Jun and Tu, Dongsheng},
  year={1996},
  publisher={Springer Science}
}
@incollection{Horowitz_2001,
  title={The Bootstrap},
  author={Horowitz, Joel L},
  booktitle={Handbook of Econometrics},
  volume={5},
  pages={3159--3228},
  year={2001}
}
@book{Davison_Hinkley_2013,
  title={Bootstrap Methods and their Application},
  author={Davison, Anthony Christopher and Hinkley, David Victor},
  year={2013},
  publisher={Cambridge University Press}
}
@book{Efron_Tibshirani_1994,
  title={An Introduction to the Bootstrap},
  author={Efron, Bradley and Tibshirani, Robert J},
  year={1994},
  publisher={CRC press}
}
@article{White1982,
  title={Maximum likelihood estimation of misspecified models},
  author={White, Halbert},
  journal={Econometrica},
  pages={1--25},
  year={1982}
}
@article{Kirkpatrick_2017,
  title={Overcoming catastrophic forgetting in neural networks},
  author={Kirkpatrick, James and Pascanu, Razvan and Rabinowitz, Neil and Veness, Joel and Desjardins, Guillaume and Rusu, Andrei A and Milan, Kieran and Quan, John and Ramalho, Tiago and Grabska-Barwinska, Agnieszka and others},
  journal={Proceedings of the national academy of sciences},
  volume={114},
  number={13},
  pages={3521--3526},
  year={2017},
  publisher={National Acad Sciences}
}
@article{Martens_2020,
  title={New insights and perspectives on the natural gradient method},
  author={Martens, James},
  journal={The Journal of Machine Learning Research},
  volume={21},
  number={1},
  pages={5776--5851},
  year={2020},
  publisher={JMLRORG}
}
@book{Bishop_2006,
  title={Pattern Recognition and Machine Learning},
  author={Bishop, Christopher M},
  year={2006},
  publisher={Springer}
}
@book{Hastie_2009,
  title={The Elements of Statistical Learning: Data Mining, Inference, and Prediction},
  author={Hastie, Trevor and Tibshirani, Robert and Friedman, Jerome H and Friedman, Jerome H},
  year={2009},
  publisher={Springer}
}
@Manual{palmerpenguins,
     title = {palmerpenguins: Palmer Archipelago (Antarctica) penguin data},
     author = {Allison Marie Horst and Alison Presmanes Hill and Kristen B Gorman},
     year = {2020},
     note = {R package version 0.1.0},
     doi = {10.5281/zenodo.3960218},
     url = {https://allisonhorst.github.io/palmerpenguins/}
}
@book{CasellaBerger_StatInf_2001,
  author = {Casella, George and Berger, Roger},
  publisher = {Duxbury},
  edition = {2},
  title = {Statistical Inference},
  year = 2001
}
@book{Billingsley_1995,
  author = {Billingsley, Patrick},
  publisher = {Wiley},
  edition = {3},
  title = {Probability and Measure},
  year = 1995
}
@article{Traiberman_AER2019,
Author = {Traiberman, Sharon},
Title = {Occupations and Import Competition: Evidence from Denmark},
Journal = {American Economic Review},
Volume = {109},
Number = {12},
Year = {2019},
Pages = {4260-4301}
}
@article{koike2024high,
  title={High-dimensional bootstrap and asymptotic expansion},
  author={Koike, Yuta},
  journal={arXiv preprint arXiv:2404.05006},
  year={2024}
}
@article{Mammen_1992_Book,
  title={When Does Bootstrap Work: Asymptotic Results and Simulations},
  author={Mammen, Enno},
  journal={Lecture Notes in Statistics},
  volume={77},
  year={1992},
  publisher={Springer}
}
@article{Mammen_1993,
  title={Bootstrap and wild bootstrap for high dimensional linear models},
  author={Mammen, Enno},
  journal={The Annals of Statistics},
  volume={21},
  number={1},
  pages={255--285},
  year={1993}
}
@article{Davidson_and_Flachaire_2008,
  title={The wild bootstrap, tamed at last},
  author={Davidson, Russell and Flachaire, Emmanuel},
  journal={Journal of Econometrics},
  volume={146},
  number={1},
  pages={162--169},
  year={2008}
}
@book{Book_KokoszkaReimherr_2017,
  title={Introduction to Functional Data Analysis},
  author={Kokoszka, Piotr and Reimherr, Matthew},
  year={2017},
  publisher={Chapman and Hall/CRC}
}
@Book{RS_2005_book,
  title     = {Functional Data Analysis},
  publisher = {Springer},
  year      = {2005},
  author    = {Ramsay, J.O. and Silverman, B.W.},
  edition   = {2.},
}
@book{FV2006_book,
  title={Nonparametric Functional Data Analysis: Theory and Practice},
  author={Ferraty, Fr{\'e}d{\'e}ric and Vieu, Philippe},
  year={2006},
  publisher={Springer}
}
@book{hsing2015theoretical,
  title={Theoretical Foundations of Functional Data Analysis, with an Introduction to Linear Operators},
  author={Hsing, Tailen and Eubank, Randall},
  year={2015},
  publisher={John Wiley \& Sons}
}